<record><leader>00000cas a22000007a 4500</leader><controlfield tag="001">14715063</controlfield><controlfield tag="008">861114d19661987inuwr ne      0    0eng d</controlfield><datafield ind1=" " ind2=" " tag="010"><subfield code="a">sn 86058900 </subfield></datafield><datafield ind1=" " ind2=" " tag="040"><subfield code="a">NPI</subfield><subfield code="b">eng</subfield><subfield code="c">NPI</subfield><subfield code="d">OCLCQ</subfield></datafield><datafield ind1=" " ind2=" " tag="042"><subfield code="a">msc</subfield></datafield><datafield ind1="0" ind2=" " tag="130"><subfield code="a">Guide (Brownsburg, Ind.)</subfield></datafield><datafield ind1="1" ind2="4" tag="245"><subfield code="a">The guide.</subfield></datafield><datafield ind1=" " ind2=" " tag="260"><subfield code="a">Brownsburg, Ind. :</subfield><subfield code="b">Mid-State Newspapers, Inc.,</subfield><subfield code="c">1966-1987.</subfield></datafield><datafield ind1=" " ind2=" " tag="310"><subfield code="a">Weekly</subfield></datafield><datafield ind1="0" ind2=" " tag="362"><subfield code="a">Vol. 83, no. 37 (Feb. 2, 1966)-v. 105, no. 37 (Mar. 12, 1987).</subfield></datafield><datafield ind1=" " ind2=" " tag="752"><subfield code="a">United States</subfield><subfield code="b">Indiana</subfield><subfield code="c">Hendricks</subfield><subfield code="d">Brownsburg.</subfield></datafield><datafield ind1="0" ind2="4" tag="780"><subfield code="t">Brownsburg guide</subfield><subfield code="w">(DLC)sn 86058899</subfield></datafield><datafield ind1="0" ind2="4" tag="780"><subfield code="t">Brownsburg record</subfield><subfield code="w">(DLC)sn 86058898</subfield></datafield><datafield ind1="0" ind2="6" tag="780"><subfield code="t">Hendricks County guide gazette</subfield><subfield code="w">(DLC)sn 86058901</subfield></datafield><datafield ind1="0" ind2="0" tag="785"><subfield code="t">Hendricks County guide</subfield><subfield code="w">(DLC)sn 87056013</subfield></datafield></record>